@article{labus1,
      author         = "Labus, Peter and Percacci, Roberto and Vacca, Gian Paolo",
      title          = "{Asymptotic safety in $O(N)$ scalar models coupled to
                        gravity}",
      journal        = "Phys. Lett.",
      volume         = "B753",
      year           = "2016",
      pages          = "274-281",
      doi            = "10.1016/j.physletb.2015.12.022",
      eprint         = "1505.05393",
      archivePrefix  = "arXiv",
      primaryClass   = "hep-th",
      SLACcitation   = "%%CITATION = ARXIV:1505.05393;%%"
}

@article{labus2,
      author         = "Donà, Pietro and Eichhorn, Astrid and Labus, Peter and
                        Percacci, Roberto",
      title          = "{Asymptotic safety in an interacting system of gravity
                        and scalar matter}",
      journal        = "Phys. Rev.",
      volume         = "D93",
      year           = "2016",
      number         = "4",
      pages          = "044049",
      doi            = "10.1103/PhysRevD.93.129904, 10.1103/PhysRevD.93.044049",
      note           = "[Erratum: Phys. Rev.D93,no.12,129904(2016)]",
      eprint         = "1512.01589",
      archivePrefix  = "arXiv",
      primaryClass   = "gr-qc",
      SLACcitation   = "%%CITATION = ARXIV:1512.01589;%%"
}

@article{labus3,
  author         = "Labus, Peter and Morris, Tim R. and Slade, Zoë H.",
  title          = "{Background independence in a background dependent
renormalization group}",
  journal        = "Phys. Rev.",
  volume         = "D94",
  year           = "2016",
  number         = "2",
  pages          = "024007",
  doi            = "10.1103/PhysRevD.94.024007",
  eprint         = "1603.04772",
  archivePrefix  = "arXiv",
  primaryClass   = "hep-th",
  SLACcitation   = "%%CITATION = ARXIV:1603.04772;%%"
}
